<record><leader>00000cas a2200000 a 4500</leader><controlfield tag="001">19085655</controlfield><controlfield tag="008">890131d1919192utnuwr ne      0    0eng d</controlfield><datafield ind1=" " ind2=" " tag="010"><subfield code="a">sn 89058125 </subfield></datafield><datafield ind1=" " ind2=" " tag="040"><subfield code="a">KNP</subfield><subfield code="b">eng</subfield><subfield code="c">KNP</subfield><subfield code="d">TGN</subfield><subfield code="d">OCL</subfield><subfield code="d">OCLCQ</subfield><subfield code="d">OCLCF</subfield><subfield code="d">OCLCO</subfield></datafield><datafield ind1="1" ind2=" " tag="029"><subfield code="a">AU@</subfield><subfield code="b">000020545195</subfield></datafield><datafield ind1=" " ind2=" " tag="042"><subfield code="a">msc</subfield></datafield><datafield ind1=" " ind2=" " tag="043"><subfield code="a">n-us-tn</subfield></datafield><datafield ind1="0" ind2="4" tag="245"><subfield code="a">The Jellico carry-on.</subfield></datafield><datafield ind1="3" ind2="0" tag="246"><subfield code="a">Carry-on</subfield></datafield><datafield ind1=" " ind2=" " tag="260"><subfield code="a">Jellico, Tenn. :</subfield><subfield code="b">Carry-on Pub. Co.</subfield></datafield><datafield ind1=" " ind2=" " tag="300"><subfield code="a">v. :</subfield><subfield code="b">ill.</subfield></datafield><datafield ind1=" " ind2=" " tag="310"><subfield code="a">Weekly</subfield></datafield><datafield ind1="1" ind2=" " tag="362"><subfield code="a">Began in 1919.</subfield></datafield><datafield ind1=" " ind2=" " tag="500"><subfield code="a">Editor: William I. Jones, &lt;1922-1923&gt;</subfield></datafield><datafield ind1=" " ind2=" " tag="588"><subfield code="a">Description based on: Vol. 3, no. 29 (Apr. 27, 1922).</subfield></datafield><datafield ind1=" " ind2="0" tag="651"><subfield code="a">Jellico (Tenn.)</subfield><subfield code="v">Newspapers.</subfield></datafield><datafield ind1=" " ind2="0" tag="651"><subfield code="a">Campbell County (Tenn.)</subfield><subfield code="v">Newspapers.</subfield></datafield><datafield ind1=" " ind2="7" tag="655"><subfield code="a">Newspapers.</subfield><subfield code="2">fast</subfield><subfield code="0">(OCoLC)fst01423814</subfield></datafield><datafield ind1=" " ind2="7" tag="651"><subfield code="a">Tennessee</subfield><subfield code="z">Campbell County.</subfield><subfield code="2">fast</subfield><subfield code="0">(OCoLC)fst01225294</subfield></datafield><datafield ind1=" " ind2="7" tag="651"><subfield code="a">Tennessee</subfield><subfield code="z">Jellico.</subfield><subfield code="2">fast</subfield><subfield code="0">(OCoLC)fst01225083</subfield></datafield><datafield ind1=" " ind2=" " tag="752"><subfield code="a">United States</subfield><subfield code="b">Tennessee</subfield><subfield code="c">Campbell</subfield><subfield code="d">Jellico.</subfield></datafield></record>